@article{marsan1984class,
 author = {Marsan, M.A. and Conte, G. and Balbo, G.},
 title = {A class of generalized stochastic {Petri} nets for the performance evaluation of multiprocessor systems},
 journal = {ACM TOCS},
 issue_date = {May 1984},
 volume = {2},
 number = {2},
 year = {1984},
 pages = {93-122},
 doi = {10.1145/190.191},
 acmid = {191},
 publisher = {ACM},
 address = {New York, NY, USA},
}
@article{marsan1989execution,
author={Marsan, M.A. and Balbo, G. and Bobbio, A. and Chiola, G. and Conte, G. and Cumani, A.},
journal={Software Engineering, IEEE Transactions on}, 
title={The effect of execution policies on the semantics and analysis of stochastic {Petri} nets},
year={1989},
volume={15},
number={7},
pages={832-846}
}

@article{german1995timenet,
  title={{TimeNET: a toolkit for evaluating non-Markovian stochastic Petri nets}},
  author={German, R. and Kelling, C. and Zimmermann, A. and Hommel, G.},
  journal={Performance Evaluation},
  volume={24},
  number={1},
  pages={69--87},
  year={1995},
  publisher={Elsevier}
}

@article{ciardo1994characterization,
  title={A characterization of the stochastic process underlying a stochastic Petri net},
  author={Ciardo, Gianfranco and German, Reinhard and Lindemann, Christoph},
  journal={Software Engineering, IEEE Transactions on},
  volume={20},
  number={7},
  pages={506--515},
  year={1994},
  publisher={IEEE}
}
